@inproceedings{wasserrab-nst-OOPSLA06,
  author={Daniel Wasserrab and Tobias Nipkow and Gregor Snelting and Frank Tip},
  title={An Operational Semantics and Type Safety Proof for Multiple
         Inheritance in {C}++},
  booktitle={{OOPSLA} '06: Object oriented programming, systems, languages,
             and applications},
  publisher={ACM Press},
  year=2006,
  note = {Available from \url{http://isabelle.in.tum.de/~nipkow/pubs/oopsla06.html}}
}

@inproceedings{netsem:popl2006,
 author = {Steve Bishop and Matthew Fairbairn and Michael Norrish and
           Peter Sewell and Michael Smith and Keith Wansbrough},
 title = {Engineering with logic: {HOL} specification and symbolic-evaluation
          testing for {TCP} implementations},
 booktitle = {POPL'06: Conference record of the 33rd ACM SIGPLAN-SIGACT
              symposium on Principles of programming languages},
 year = {2006},
 isbn = {1-59593-027-2},
 pages = {55--66},
 location = {Charleston, South Carolina, USA},
 doi = {http://doi.acm.org/10.1145/1111037.1111043},
 publisher = {ACM Press},
 address = {New York, NY, USA},
 }

@Manual{cpp-standard-iso14882,
  title =        {Programming Languages---C++},
  key =          {ISO/IEC 14882},
  year =         2003,
  note =         {ISO/IEC 14882:2003(E)}
}

@proceedings{DBLP:conf/ecoop/2006,
  editor    = {Dave Thomas},
  title     = {ECOOP 2006 - Object-Oriented Programming, 20th European
               Conference, Nantes, France, July 3-7, 2006, Proceedings},
  booktitle = {ECOOP},
  publisher = {Springer},
  series    = {Lecture Notes in Computer Science},
  volume    = {4067},
  year      = {2006},
  isbn      = {3-540-35726-2},
  bibsource = {DBLP, http://dblp.uni-trier.de}
}